


@online{c,
url = {https://www.spektrum.de/lexikon/physik/lichtgeschwindigkeit/9012},
urldate = {2020-12-05},
title = {Literaturwert für die Lichtgeschwindigkeit c},
year = {2020},
}


@online{e0,
url = {https://www.chemie.de/lexikon/Elementarladung.html},
urldate = {2020-12-05},
title = {Literaturwert für die Elementarladung},
year = {2020},
}

@online{ Planck,
url = {https://www.chemie.de/lexikon/Plancksches_Wirkungsquantum.html},
urldate = {2020-12-05},
title = {Literaturwerte für das plancksche Wirkungsquantum},
year = {2020},
}


@online{ gyro,
url = {https://www.chemie.de/lexikon/Gyromagnetisches_Verh%C3%A4ltnis.html},
urldate = {2022-30-11},
title = {Literaturwerte für das Gyromagnetische Verhälntnis von Protonen.},
year = {2022},
}

@manual{visko,
title = {Viscosity of liquid water in the range −8 °C to 150 °C }, 
year= {2022},
}
@manual{radius,
  title        = {Molecular volumes and the Stokes-Einstein equation},
  author       = {John T. Edward},
  journal = {Journal of Chemical Education},
  year = 1970,
  doi = {10.1021/ed047p261}
}
@manual{finke,
title = {Messung von Diffusionskonstanten mittels gepulster Kernspinresonanz}, 
subtitle = {Skript ach S.Finke zum Versuch Nr. 49}, 
year= {2022},
}
@manual{theo, 
  author = {DC Chang u.a.},
  title = {Spin echo studies on cellular water},
  journal = {Nature},
  year = {1972}
}

@manual{grundlagen, 
title = {Messung von Diffusionskonstanten mittels gepulster Kernspinresonanz:}, 
subtitle = {Grundlagen, Wechselwirkungen, Pulsfolgen, Relaxationstheorie und Quadraturdetektion}, 
year = {2022},
}


@manual{V49,
title = {Versuchsanleitung zu Versuch V49: "gepulste NMR"},
year = {2022},
organization = {Fakultät Physik, TU Dortmund},
}


