


@online{c,
url = {https://www.spektrum.de/lexikon/physik/lichtgeschwindigkeit/9012},
urldate = {2020-12-05},
title = {Literaturwert für die Lichtgeschwindigkeit c},
year = {2020},
}

@manual{alte,
  author       = {Lehrstuhl Experimentelle Physik 1},
  title        = {Röntgenreflektometrie},
  url          = {https://e1.physik.tu-dortmund.de/cms/Medienpool/Downloads/Roentgenreflektometrie_Versuch.pdf},
}

@manual{katti, 
  author = "TU Dortmund",
  title = "Versuchsanleitung V44",
  subtitle = "Röntgenreflektometrie",
}

@online{e0,
url = {https://www.chemie.de/lexikon/Elementarladung.html},
urldate = {2020-12-05},
title = {Literaturwert für die Elementarladung},
year = {2020},
}
@online{ m0,
url = {https://www.chemie.de/lexikon/Elektron.html},
urldate = {2020-12-05},
title = {Literaturwert für die Ruhemasse eines Elektrons },
year = {2020},
}
@online{ Planck,
url = {https://www.chemie.de/lexikon/Plancksches_Wirkungsquantum.html},
urldate = {2020-12-05},
title = {Literaturwerte für das plancksche Wirkungsquantum},
year = {2020},
}

@online{ Ryd,
url = {https://www.chemie.de/lexikon/Rydberg-Konstante.html},
urldate = {2021-12-06},
title = {Literaturwerte für die Rydberg-Konstante und Energie},
year = {2020},
}

@online{ sommer,
url = {https://www.chemie.de/lexikon/Feinstrukturkonstante.html},
urldate = {2021-14-06},
title = {Literaturwerte für die Sommerfeldsche Feinstrukturkonstante},
year = {2020},
}

@article{kiessig,
author = {Kiessig, Heinz},
title = {Interferenz von Röntgenstrahlen an dünnen Schichten},
journal = {Annalen der Physik},
volume = {402},
number = {7},
pages = {769-788},
doi = {https://doi.org/10.1002/andp.19314020702},
url = {https://onlinelibrary.wiley.com/doi/abs/10.1002/andp.19314020702},
eprint = {https://onlinelibrary.wiley.com/doi/pdf/10.1002/andp.19314020702},
year = {1931}
}

@article{PhysRev.95.359,
  title = {Surface Studies of Solids by Total Reflection of X-Rays},
  author = {Parratt, L. G.},
  journal = {Phys. Rev.},
  volume = {95},
  issue = {2},
  pages = {359--369},
  numpages = {0},
  year = {1954},
  month = {Jul},
  publisher = {American Physical Society},
  doi = {10.1103/PhysRev.95.359},
  url = {https://link.aps.org/doi/10.1103/PhysRev.95.359}
}

@book{tolan1999x,
  title={X-ray scattering from soft-matter thin films: materials science and basic research},
  author={Tolan, Metin and Tolan, M},
  volume={148},
  year={1999},
  publisher={Springer}
}

@online{ siegen,
url = {https://www.hep.physik.uni-siegen.de/teaching/masterlab/manuals/xrger.pdf},
urldate = {2022-03-11},
title = {Röntgenreflektometrie zur Untersuchung von Oberflächen und dünnen Schichtsystemen},
year = {2008},
}

@manual{V44,
title = {Versuchsanleitung zu Versuch V44: "Röntgenreflektrometrie"},
year = {2022},
organization = {Fakultät Physik, TU Dortmund},
}


