@book{BrabetzHaasSpieker+2015,
url = {https://doi.org/10.1515/9783110351521},
title = {Gleichstromnetze, Operationsverstärkerschaltungen, elektrische und magnetische Felder},
author = {Ludwig Brabetz and Oliver Haas and Christian Spieker},
publisher = {De Gruyter Oldenbourg},
address = {Berlin, München, Boston},
doi = {doi:10.1515/9783110351521},
isbn = {9783110351521},
year = {2015},
lastchecked = {2023-01-22}
}

@book{Joachim,
url = {https://link.springer.com/book/10.1007/978-3-658-16373-0},
title = {Operationsverstärker},
author = {Joachim Federau},
publisher = {Springer Vieweg Wiesbaden},
doi = {https://doi.org/10.1007/978-3-658-16373-0},
isbn = {978-3-658-16372-3},
year = {2017},
lastchecked = {2023-01-22}
}

@manual{V51,
title = {Versuchsanleitung zu Versuch V51: \enquote{Operationsverstärker}},
year = {2023},
organization = {Fakultät Physik, TU Dortmund},
}

@manual{V51_old,
title = {alte Versuchsanleitung zum Versuch V51: \enquote{Schaltungen mit Operationsverstärkern}},
year = {2019},
organization = {Fakultät Physik, TU Dortmund},
}

@online{c,
url = {https://www.spektrum.de/lexikon/physik/lichtgeschwindigkeit/9012},
urldate = {2020-12-05},
title = {Literaturwert für die Lichtgeschwindigkeit c},
year = {2020},
}


@online{e0,
url = {https://www.chemie.de/lexikon/Elementarladung.html},
urldate = {2020-12-05},
title = {Literaturwert für die Elementarladung},
year = {2020},
}
@online{ m0,
url = {https://www.chemie.de/lexikon/Elektron.html},
urldate = {2020-12-05},
title = {Literaturwert für die Ruhemasse eines Elektrons },
year = {2020},
}
@online{ Planck,
url = {https://www.chemie.de/lexikon/Plancksches_Wirkungsquantum.html},
urldate = {2020-12-05},
title = {Literaturwerte für das plancksche Wirkungsquantum},
year = {2020},
}

@online{ Ryd,
url = {https://www.chemie.de/lexikon/Rydberg-Konstante.html},
urldate = {2021-12-06},
title = {Literaturwerte für die Rydberg-Konstante und Energie},
year = {2020},
}

@online{ sommer,
url = {https://www.chemie.de/lexikon/Feinstrukturkonstante.html},
urldate = {2021-14-06},
title = {Literaturwerte für die Sommerfeldsche Feinstrukturkonstante},
year = {2020},
}
