@manual{V46,
title = {Versuchsanleitung zu Versuch V46: "Der Faraday Effekt"},
year = {2022},
organization = {Fakultät Physik, TU Dortmund},
}

@manual{anhang ,
title = {Anhang1,V46 - Der Faraday Effekt an Halbleitern},
year = {2022},
organization = {Fakultät Physik, TU Dortmund},
}

@article{SMITH,
title = {The energy-dependence of electron mass in indium antimonide determined from measurements of the infrared Faraday effect},
journal = {Journal of Physics and Chemistry of Solids},
volume = {11},
number = {1},
pages = {131-139},
year = {1959},
issn = {0022-3697},
doi = {https://doi.org/10.1016/0022-3697(59)90051-4},
url = {https://www.sciencedirect.com/science/article/pii/0022369759900514},
author = {S.D. Smith and T.S. Moss and K.W. Taylor},
}

@inbook{Sujatha,
author = {Sujatha, K.},
publisher = {John Wiley & Sons, Ltd},
isbn = {9781119819264},
title = {Magneto-Optical Switches},
booktitle = {Optical Switching},
chapter = {4},
pages = {57-71},
doi = {https://doi.org/10.1002/9781119819264.ch4},
url = {https://onlinelibrary.wiley.com/doi/abs/10.1002/9781119819264.ch4},
eprint = {https://onlinelibrary.wiley.com/doi/pdf/10.1002/9781119819264.ch4},
year = {2022},
}

@article{Cardona,
  title = {Electron Effective Masses of InAs and GaAs as a Function of Temperature and Doping},
  author = {Cardona, Manuel},
  journal = {Phys. Rev.},
  volume = {121},
  issue = {3},
  pages = {752--758},
  numpages = {0},
  year = {1961},
  month = {Feb},
  publisher = {American Physical Society},
  doi = {10.1103/PhysRev.121.752},
  url = {https://link.aps.org/doi/10.1103/PhysRev.121.752}
}

@book{n,
  author = {Edward D. Palik},
  title = {"Gallium Arsenide (GaAs)". In: Handbook of Optical Constants of Solids},
  publisher = {Burlington: Academic Press},
  year = 1997,
  url = {http://www.sciencedirect.com/science/article/pii/B9780125444156500182},
}

@online{c,
url = {https://www.spektrum.de/lexikon/physik/lichtgeschwindigkeit/9012},
urldate = {2020-12-05},
title = {Literaturwert für die Lichtgeschwindigkeit c},
year = {2020},
}


@online{e0,
url = {https://www.chemie.de/lexikon/Elementarladung.html},
urldate = {2020-12-05},
title = {Literaturwert für die Elementarladung},
year = {2020},
}
@online{ m0,
url = {https://www.chemie.de/lexikon/Elektron.html},
urldate = {2020-12-05},
title = {Literaturwert für die Ruhemasse eines Elektrons },
year = {2020},
}
@online{ Planck,
url = {https://www.chemie.de/lexikon/Plancksches_Wirkungsquantum.html},
urldate = {2020-12-05},
title = {Literaturwerte für das plancksche Wirkungsquantum},
year = {2020},
}

@online{ Ryd,
url = {https://www.chemie.de/lexikon/Rydberg-Konstante.html},
urldate = {2021-12-06},
title = {Literaturwerte für die Rydberg-Konstante und Energie},
year = {2020},
}

@online{ sommer,
url = {https://www.chemie.de/lexikon/Feinstrukturkonstante.html},
urldate = {2021-14-06},
title = {Literaturwerte für die Sommerfeldsche Feinstrukturkonstante},
year = {2020},
}
